<record><leader>00000cas a2200000 a 4500</leader><controlfield tag="001">13587950</controlfield><controlfield tag="008">860519c18809999mouwr ne      0    0eng d</controlfield><datafield ind1=" " ind2=" " tag="010"><subfield code="a">sn 86063664 </subfield></datafield><datafield ind1=" " ind2=" " tag="040"><subfield code="a">KSH</subfield><subfield code="b">eng</subfield><subfield code="c">KSH</subfield><subfield code="d">NPT</subfield><subfield code="d">MQN</subfield><subfield code="d">OCL</subfield><subfield code="d">OCLCQ</subfield><subfield code="d">MXM</subfield><subfield code="d">OCLCQ</subfield><subfield code="d">OCLCF</subfield><subfield code="d">OCLCO</subfield></datafield><datafield ind1="1" ind2=" " tag="029"><subfield code="a">AU@</subfield><subfield code="b">000022168740</subfield></datafield><datafield ind1=" " ind2=" " tag="042"><subfield code="a">msc</subfield></datafield><datafield ind1=" " ind2=" " tag="043"><subfield code="a">n-us-mo</subfield></datafield><datafield ind1="0" ind2="4" tag="245"><subfield code="a">The Atchison County mail.</subfield></datafield><datafield ind1=" " ind2=" " tag="260"><subfield code="a">Rock Port, Atchison County, Mo. :</subfield><subfield code="b">Van Pelt &amp; Blake,</subfield><subfield code="c">1880-</subfield></datafield><datafield ind1=" " ind2=" " tag="300"><subfield code="a">v.</subfield></datafield><datafield ind1=" " ind2=" " tag="310"><subfield code="a">Weekly</subfield></datafield><datafield ind1="0" ind2=" " tag="362"><subfield code="a">Vol. 2, no. 47 (July 15, 1880)-</subfield></datafield><datafield ind1=" " ind2="0" tag="651"><subfield code="a">Atchison County (Mo.)</subfield><subfield code="v">Newspapers.</subfield></datafield><datafield ind1=" " ind2="7" tag="655"><subfield code="a">Newspapers.</subfield><subfield code="2">fast</subfield><subfield code="0">(OCoLC)fst01423814</subfield></datafield><datafield ind1=" " ind2="7" tag="651"><subfield code="a">Missouri</subfield><subfield code="z">Atchison County.</subfield><subfield code="2">fast</subfield><subfield code="0">(OCoLC)fst01213991</subfield></datafield><datafield ind1=" " ind2=" " tag="752"><subfield code="a">United States</subfield><subfield code="b">Missouri</subfield><subfield code="c">Atchison</subfield><subfield code="d">Rock Port.</subfield></datafield><datafield ind1="0" ind2="0" tag="780"><subfield code="t">Democratic mail</subfield><subfield code="w">(DLC)sn 90061671</subfield></datafield><datafield ind1="0" ind2="5" tag="780"><subfield code="t">Atchison County journal</subfield><subfield code="w">(DLC)sn 87052186</subfield></datafield><datafield ind1="0" ind2="5" tag="780"><subfield code="t">Westboro enterprise</subfield><subfield code="w">(DLC)sn 90061911</subfield></datafield><datafield ind1="0" ind2="5" tag="780"><subfield code="t">Atchison County independent</subfield><subfield code="g">June 1952</subfield><subfield code="w">(DLC)sn 92058907</subfield></datafield></record>